<?xml version="1.0" encoding="UTF-8"?><collection xmlns="http://www.loc.gov/MARC21/slim"><record><leader>00368nam--2200133-i-4500</leader><controlfield tag="001">000022946</controlfield><controlfield tag="002">20161230</controlfield><controlfield tag="005">20161230201034</controlfield><controlfield tag="008">060222s1000------------r-----000-0-eng-d</controlfield><datafield ind1=" " ind2=" " tag="080"><subfield code="a">621.375.826</subfield></datafield><datafield ind1=" " ind2=" " tag="100"><subfield code="a">Jeffers, W.Q</subfield></datafield><datafield ind1=" " ind2=" " tag="245"><subfield code="a">Far infrared laser action in water vapor</subfield></datafield><datafield ind1=" " ind2=" " tag="260"><subfield code="a">Ann Arbor, Michigan, University Microfilms Inc., 1967, Viii + 106p</subfield></datafield><datafield ind1=" " ind2=" " tag="852"><subfield code="a">32382</subfield></datafield></record></collection>